% Encoding: UTF-8

@Book{fop,
  title     = {Fundamentals of Python: First Programs},
  publisher = {CENGAGE Learning},
  year      = {2012},
  author    = {Kenneth A. lambert and Martin Osbourne},
  editor    = {Marie Lee and Brandi Shailer},
}

@Book{cn,
  title     = {Computer Networking: A Top-Down Approach},
  publisher = {Pearson},
  year      = {2017},
  author    = {James F. Kurose and Keith W. Ross},
  editor    = {Matt Goldstein and Kristy Alaura and Aditee Agarwal},
}

@Book{mg,
  title     = {Computer Networks and Internets},
  publisher = {Pearson},
  year      = {2015},
  author    = {Douglas E. Comer},
  editor    = {Matt Goldstein},
}

@Book{tcp,
  title     = {TCP/IP protocol suite},
  publisher = {McGraw-Hill, Inc.},
  year      = {2002},
  author    = {Forouzan, Behrouz A},
}

@Standard{rfc,
  title        = {Rfc 959: File transfer protocol (ftp)},
  organization = {InterNet Network Working Group},
  author       = {Postel, Jon and Reynolds, Joyce},
  year         = {1985},
}

@Book{tcpip,
  title         = {Internetworking with TCP/IP: Principles, protocols, and architecture},
  publisher     = {Pearson Prentice Hall},
  year          = {2006},
  author        = {Comer, D.},
  series        = {Internetworking with TCP/IP},
  isbn          = {9780131876712},
  __markedentry = {[Ashraf:6]},
  lccn          = {2006272262},
  url           = {https://books.google.co.za/books?id=jonyuTASbWAC},
}

@Electronic{mysql,
  author       = {Tony Branson},
  month        = nov,
  year         = {2016},
  title        = {{8 Major Advantages of Using MySQL}},
  howpublished = {Website},
  organization = {Quinstreet Inc.},
  note         = {Last Accessed: 2019/07/05},
  url          = {https://www.datamation.com/storage/8-major-advantages-of-using-mysql.html},
}

@Comment{jabref-meta: databaseType:bibtex;}
